<record><leader>00000cas a2200000 a 4500</leader><controlfield tag="001">33919944</controlfield><controlfield tag="008">951214c19909999fluwr ne      0    0eng c</controlfield><datafield ind1=" " ind2=" " tag="010"><subfield code="a">sn 95047491 </subfield></datafield><datafield ind1=" " ind2=" " tag="040"><subfield code="a">FUG</subfield><subfield code="b">eng</subfield><subfield code="c">FUG</subfield><subfield code="d">OCLCQ</subfield><subfield code="d">OCLCF</subfield><subfield code="d">OCLCO</subfield><subfield code="d">OCLCA</subfield></datafield><datafield ind1="1" ind2=" " tag="029"><subfield code="a">AU@</subfield><subfield code="b">000025895104</subfield></datafield><datafield ind1=" " ind2=" " tag="037"><subfield code="b">9709 Overseas Highway, Marathon, FL 33050</subfield></datafield><datafield ind1=" " ind2=" " tag="042"><subfield code="a">pcc</subfield></datafield><datafield ind1=" " ind2=" " tag="043"><subfield code="a">n-us-fl</subfield></datafield><datafield ind1="0" ind2="4" tag="245"><subfield code="a">The Keys advertiser.</subfield></datafield><datafield ind1="3" ind2="0" tag="246"><subfield code="a">Advertiser</subfield></datafield><datafield ind1=" " ind2=" " tag="260"><subfield code="a">Marathon, FL :</subfield><subfield code="b">Winston Burrell</subfield></datafield><datafield ind1=" " ind2=" " tag="300"><subfield code="a">v. :</subfield><subfield code="b">ill. (some col.) ;</subfield><subfield code="c">36 cm.</subfield></datafield><datafield ind1=" " ind2=" " tag="310"><subfield code="a">Weekly</subfield></datafield><datafield ind1="1" ind2=" " tag="362"><subfield code="a">Began Jan. 31, 1990.</subfield></datafield><datafield ind1=" " ind2=" " tag="500"><subfield code="a">"Serving the Marathon-Big Pine area."</subfield></datafield><datafield ind1=" " ind2=" " tag="588"><subfield code="a">Description based on: Vol. 7, issue 45 (Nov. 8, 1995).</subfield></datafield><datafield ind1=" " ind2=" " tag="588"><subfield code="a">Latest issue consulted: Vol. 8, no. 15 (Apr. 16, 1997).</subfield></datafield><datafield ind1=" " ind2="0" tag="651"><subfield code="a">Marathon (Fla.)</subfield><subfield code="v">Newspapers.</subfield></datafield><datafield ind1=" " ind2="0" tag="651"><subfield code="a">Big Pine Key (Fla.)</subfield><subfield code="v">Newspapers.</subfield></datafield><datafield ind1=" " ind2="0" tag="651"><subfield code="a">Monroe County (Fla.)</subfield><subfield code="v">Newspapers.</subfield></datafield><datafield ind1=" " ind2="7" tag="655"><subfield code="a">Newspapers.</subfield><subfield code="2">fast</subfield><subfield code="0">(OCoLC)fst01423814</subfield></datafield><datafield ind1=" " ind2="7" tag="651"><subfield code="a">Florida</subfield><subfield code="z">Big Pine Key.</subfield><subfield code="2">fast</subfield><subfield code="0">(OCoLC)fst01215838</subfield></datafield><datafield ind1=" " ind2="7" tag="651"><subfield code="a">Florida</subfield><subfield code="z">Marathon.</subfield><subfield code="2">fast</subfield><subfield code="0">(OCoLC)fst01213954</subfield></datafield><datafield ind1=" " ind2="7" tag="651"><subfield code="a">Florida</subfield><subfield code="z">Monroe County.</subfield><subfield code="2">fast</subfield><subfield code="0">(OCoLC)fst01217770</subfield></datafield><datafield ind1=" " ind2=" " tag="752"><subfield code="a">United States</subfield><subfield code="b">Florida</subfield><subfield code="c">Monroe</subfield><subfield code="d">Marathon.</subfield></datafield><datafield ind1=" " ind2=" " tag="752"><subfield code="a">United States</subfield><subfield code="b">Florida</subfield><subfield code="c">Monroe</subfield><subfield code="d">Big Pine Key.</subfield></datafield></record>